<?xml version="1.0" encoding="UTF-8"?><record xmlns="http://www.loc.gov/MARC21/slim" xmlns:cinclude="http://apache.org/cocoon/include/1.0" xmlns:zs="http://www.loc.gov/zing/srw/">
  <leader>00551nz  a2200145n  4500</leader>
  <controlfield tag="001">n 2012202190</controlfield>
  <controlfield tag="003">DLC</controlfield>
  <controlfield tag="005">20121019075040.0</controlfield>
  <controlfield tag="008">121018n| acannaabn          |a aaa      </controlfield>
  <datafield tag="010" ind1=" " ind2=" ">
    <subfield code="a">n 2012202190</subfield>
  </datafield>
  <datafield tag="040" ind1=" " ind2=" ">
    <subfield code="a">DLC</subfield>
    <subfield code="b">eng</subfield>
    <subfield code="c">DLC</subfield>
  </datafield>
  <datafield tag="100" ind1="1" ind2=" ">
    <subfield code="a">Sigdel, Indra Mohan,</subfield>
    <subfield code="d">1955-</subfield>
  </datafield>
  <datafield tag="400" ind1="0" ind2=" ">
    <subfield code="a">Indra Mohan Sigdel,</subfield>
    <subfield code="d">1955-</subfield>
  </datafield>
  <datafield tag="400" ind1="0" ind2=" ">
    <subfield code="a">Basanta,</subfield>
    <subfield code="d">1955-</subfield>
  </datafield>
  <datafield tag="670" ind1=" " ind2=" ">
    <subfield code="a">Imperialism and proletarian revolution in the 21st century, 2010:</subfield>
    <subfield code="b">t.p. (Indra Mohan Sigdel "Basanta) p. 4 of cover (b. Feb. 28, 1955 in Kihun, Tanahun, Nepal) prelim. p. (popularly known as comrade Basanta)</subfield>
  </datafield>
</record>